<record><leader>00000cas a22000007a 4500</leader><controlfield tag="001">14109573</controlfield><controlfield tag="008">860819d19081921txudr ne      0    0eng d</controlfield><datafield ind1=" " ind2=" " tag="010"><subfield code="a">sn 86088483 </subfield></datafield><datafield ind1=" " ind2=" " tag="040"><subfield code="a">PPM</subfield><subfield code="b">eng</subfield><subfield code="c">PPM</subfield><subfield code="d">KNP</subfield><subfield code="d">CRL</subfield><subfield code="d">OCLCQ</subfield><subfield code="d">CRL</subfield><subfield code="d">OCLCQ</subfield><subfield code="d">OCLCF</subfield></datafield><datafield ind1="1" ind2=" " tag="029"><subfield code="a">AU@</subfield><subfield code="b">000025835105</subfield></datafield><datafield ind1="0" ind2=" " tag="041"><subfield code="a">eng</subfield><subfield code="a">spa</subfield></datafield><datafield ind1=" " ind2=" " tag="042"><subfield code="a">msc</subfield></datafield><datafield ind1=" " ind2=" " tag="043"><subfield code="a">n-us-tx</subfield></datafield><datafield ind1=" " ind2="4" tag="050"><subfield code="a">AN2</subfield><subfield code="b">.E42</subfield></datafield><datafield ind1="0" ind2="0" tag="245"><subfield code="a">El Paso morning times.</subfield></datafield><datafield ind1=" " ind2=" " tag="260"><subfield code="a">El Paso, Tex. :</subfield><subfield code="b">Times Pub. Co.,</subfield><subfield code="c">[1908-1921]</subfield></datafield><datafield ind1=" " ind2=" " tag="300"><subfield code="a">14 v. :</subfield><subfield code="b">ill.</subfield></datafield><datafield ind1=" " ind2=" " tag="310"><subfield code="a">Daily</subfield></datafield><datafield ind1="0" ind2=" " tag="362"><subfield code="a">Dec. 10, 1908-July 1, 1918; 38th year, no. 314 (July 2, 1918)-41st year, no. 131 (Jan. 6, 1921).</subfield></datafield><datafield ind1=" " ind2=" " tag="500"><subfield code="a">On masthead, Dec. 10, 1908-July 1, 1918: 28th-38th year.</subfield></datafield><datafield ind1=" " ind2=" " tag="530"><subfield code="a">Also issued on microfilm from Southwest Microfilm.</subfield></datafield><datafield ind1=" " ind2=" " tag="546"><subfield code="a">In English with section in Spanish, Jan. 11, 1914-&lt;Oct. 26, 1914&gt;</subfield></datafield><datafield ind1=" " ind2=" " tag="580"><subfield code="a">Also published in Spanish ed., &lt;Oct. 28, 1914-June 6, 1918&gt;</subfield></datafield><datafield ind1=" " ind2="0" tag="651"><subfield code="a">El Paso (Tex.)</subfield><subfield code="v">Newspapers.</subfield></datafield><datafield ind1=" " ind2="7" tag="655"><subfield code="a">Newspapers.</subfield><subfield code="2">fast</subfield><subfield code="0">(OCoLC)fst01423814</subfield></datafield><datafield ind1=" " ind2="7" tag="651"><subfield code="a">Texas</subfield><subfield code="z">El Paso.</subfield><subfield code="2">fast</subfield><subfield code="0">(OCoLC)fst01206678</subfield></datafield><datafield ind1=" " ind2=" " tag="752"><subfield code="a">United States</subfield><subfield code="b">Texas</subfield><subfield code="c">El Paso</subfield><subfield code="d">El Paso.</subfield></datafield><datafield ind1="1" ind2=" " tag="775"><subfield code="t">Paso morning times. Spanish</subfield><subfield code="w">(DLC)sn 98021521</subfield><subfield code="w">(OCoLC)38922136</subfield></datafield><datafield ind1="0" ind2="0" tag="780"><subfield code="t">Paso daily times (El Paso, Tex. : 1902)</subfield><subfield code="w">(DLC)sn 87090196</subfield><subfield code="w">(OCoLC)15634139</subfield></datafield><datafield ind1="0" ind2="0" tag="785"><subfield code="t">Paso times (El Paso, Tex. : 1921)</subfield><subfield code="w">(DLC)sn 87090197</subfield><subfield code="w">(OCoLC)8564831</subfield></datafield></record>